@article{abel2021entropy,
  author  = {Abel, Cal},
  title   = {Application of the Entropy Functional in Economics},
  journal = {American Economic Review},
  year    = {2021},
  type    = {Journal Article},
  note    = {Submitted for peer review}
}

@book{ammous2018bitcoin,
  title     = {The bitcoin standard: the decentralized alternative to central banking},
  author    = {Ammous, Saifedean},
  year      = {2018},
  publisher = {John Wiley \& Sons}
}

@article{anthony2016transistors,
  title        = {Transistors will stop shrinking in 2021, but moore’s law will live on.},
  author       = {Anthony, Sebastian},
  year         = {2016},
  howpublished = {Online},
  journal      = {Ars Technica},
  url          = {https://arstechnica.com/gadgets/2016/07/itrs-roadmap-2021-moores-law/},
  note         = {Last accessed 9 Dec 2021}
}

@book{ayers2009engine,
  author    = {Ayers, Robert U and Warr, Benjamin},
  title     = {The Economic Growth Engine: How Energy and Work Drive Material Prosperity},
  publisher = {International Institute for Applied Systems Analysis},
  address   = {Northhampton, MA},
  isbn      = {9781849806},
  year      = {2009},
  type      = {Book}
}

@misc{bitcoin2021core,
  author       = {BitcoinCore},
  howpublished = {Online},
  title        = {Bitcoin Core: Median Time Past Validation},
  url          = {https://github.com/bitcoin/bitcoin/blob/master/src/validation.cpp\#L3155},
  year         = {2021},
  note         = {Last accessed 9 Dec 2021}
}

@misc{braiins2021autotuning,
  author       = {Braiins},
  howpublished = {Online},
  title        = {Autotuning vs. Overclocking for Bitcoin Miners (SHA-256 ASICs) {Bitcoin Mining Insights}},
  url          = {https://braiins.com/blog/autotuning-vs-overclocking-for-bitcoin-miners-sha-256-asics},
  year         = {2021},
  note         = {Last accessed 9 Dec 2021}
}

@misc{eia2021browser,
  author       = {EIA},
  howpublished = {Online},
  title        = {Electricity Data Browser},
  url          = {https://www.eia.gov/electricity/data/browser/\#/topic/7},
  year         = {2021},
  note         = {Last accessed 13 Dec 2021}
}

@misc{eia2021elect,
  author       = {EIA},
  howpublished = {Online},
  title        = {Electric Power Monthly},
  url          = {https://www.eia.gov/electricity/monthly/epm\_table\_grapher.php?t=epmt\_5\_6\_a},
  year         = {2021},
  note         = {Last accessed 9 Dec 2021}
}
@misc{fred2022btcusd,
  author       = {Federal Reserve Bank of St. Louis},
  howpublished = {Online},
  title        = {Coinbase Bitcoin (CBBTCUSD)},
  url          = {https://fred.stlouisfed.org/series/CBBTCUSD},
  year         = {2022},
  note         = {Last accessed 20 Jan 2022}
}

@article{hiveos2020update,
  author  = {HiveOS},
  journal = {Medium},
  title   = {Going to update your official Bitmain firmware? Don’t hurry up!},
  url     = {https://medium.com/hiveon/going-to-update-your-official-bitmain-firmware-dont-hurry-up-7cd2899d5a6e},
  year    = {2020},
  note    = {Last accessed 9 Dec 2021}
}

@misc{iea2021demand,
  author       = {IEA},
  howpublished = {Online},
  title        = {Demand Response},
  url          = {https://www.iea.org/reports/demand-response},
  year         = {2021},
  note         = {Last accessed 13 Dec 2021}
}

@misc{ier2021transmission,
  author       = {IER},
  howpublished = {Online},
  title        = {Electricity Transmission},
  url          = {https://www.instituteforenergyresearch.org/electricity-transmission/},
  year         = {2021},
  note         = {Last accessed 13 Dec 2021}
}

@book{krane1988introductory,
  title     = {Introductory nuclear physics},
  author    = {Krane, Kenneth S and Halliday, David and others},
  volume    = {465},
  year      = {1988},
  publisher = {Wiley New York}
}

@article{kuf2019mining,
  author    = {Sinan Kufoglu and Mahmut Ozkuran},
  title     = {Bitcoin mining: A global review of energy and power demand},
  journal   = {Energy Research \& Social Science},
  volume    = {58},
  pages     = {1-12},
  doi       = {10.1016/j.erss.2019.101273},
  year      = {2019},
  type      = {Journal Article},
  publisher = {Elsevier}
}

@article{maes1990impact,
  title     = {Impact ionization in silicon: A review and update},
  author    = {Maes, W and De Meyer, K and Van Overstraeten, R},
  journal   = {Solid-State Electronics},
  volume    = {33},
  number    = {6},
  pages     = {705--718},
  year      = {1990},
  issn      = {0038-1101},
  publisher = {Elsevier},
  doi       = {10.1016/0038-1101(90)90183-F}
}

@misc{rupp2020trends,
  author       = {Karl Rupp},
  year         = {2020},
  howpublished = {Online},
  title        = {Microprocessor Trend Data},
  url          = {https://github.com/karlrupp/microprocessor-trend-data},
  note         = {Last accessed 9 Dec 2021}
}

@misc{shattuck2017ionization,
  author       = {Tom Shattuck},
  title        = {Atomic Orbital Ionization Energies},
  howpublished = {Online},
  url          = {https://www.colby.edu/chemistry/PChem/notes/AOIE.pdf},
  year         = {2017},
  note         = {Last accessed 9 Dec 2021}
}

@book{tijms2003first,
  title     = {A first course in stochastic models},
  author    = {Tijms, Henk C},
  year      = {2003},
  publisher = {John Wiley and sons}
}

@misc{VdW-Si,
  author       = {WolframAlpha},
  title        = {Van der Waals Radius Silicon {From WolframAlpha---A Wolfram Web Resource}},
  howpublished = {Online},
  url          = {https://www.wolframalpha.com/},
  note         = {Last accessed 9 Dec 2021}
}

@misc{worldbank2021losses,
  author       = {World Bank},
  title        = {Electric power transmission and distribution losses (% of output)},
  howpublished = {Online},
  url          = {https://data.worldbank.org/indicator/EG.ELC.LOSS.ZS},
  note         = {Last accessed 13 Dec 2021}
}
